Automatically generated by Mendeley Desktop 1.17.8
Any changes to this file will be lost if it is regenerated by Mendeley.

BibTeX export options can be customized via Preferences -> BibTeX in Mendeley Desktop

@article{Mcphersona,
author = {Mcpherson, John D},
file = {:Users/evayap/Library/Application Support/Mendeley Desktop/Downloaded/Mcpherson - Unknown - Module 6 Somatic Mutations.pdf:pdf},
isbn = {1471216411642},
pages = {1--37},
title = {{Module 6: Somatic Mutations}}
}
@article{Mcphersona,
author = {Mcpherson, John D},
file = {:Users/evayap/Library/Application Support/Mendeley Desktop/Downloaded/Mcpherson - Unknown - Module 6 Somatic Mutations.pdf:pdf},
isbn = {1471216411642},
pages = {1--37},
title = {{Module 6: Somatic Mutations}}
}
<<<<<<< HEAD
@article{Mcpherson,
author = {Mcpherson, John D},
file = {:Users/evayap/Library/Application Support/Mendeley Desktop/Downloaded/Mcpherson - Unknown - Module 5 Copy Number Alterations.pdf:pdf},
isbn = {1471216411642},
pages = {1--37},
title = {{Module 5: Copy Number Alterations}}
=======
@article{Mcphersonb,
author = {Mcpherson, John D},
file = {:Users/evayap/Dropbox/cbw{\_}workshop/lab/BiCG{\_}2015{\_}Module9Updated.pdf:pdf},
isbn = {1471216411642},
pages = {1--37},
title = {{Module 9: Integration of Clinical Data}}
}
@article{Stein2011,
author = {Stein, Lincoln},
file = {:Users/evayap/Dropbox/cbw{\_}workshop/CBW{\_}BiCG{\_}2015{\_}Module8{\_}VariantAnn.pdf:pdf},
title = {{Module 8: Variants to Pathways Part I: Annotation of somatic coding variants}},
year = {2011}
>>>>>>> 333a50ed441ef0d94bc5067597b3f226fc437d6b
}
