Automatically generated by Mendeley Desktop 1.17.11
Any changes to this file will be lost if it is regenerated by Mendeley.

BibTeX export options can be customized via Preferences -> BibTeX in Mendeley Desktop

@misc{Bear1994a,
author = {Bear, Mark F.},
doi = {10.1016/0959-4388(94)90101-5},
file = {:Users/evayap/Library/Application Support/Mendeley Desktop/Downloaded/Bear - 1994 - Synaptic plasticity LTP and LTD.pdf:pdf},
issn = {09594388},
month = {jun},
number = {3},
pages = {389--399},
title = {{Synaptic plasticity: LTP and LTD}},
volume = {4},
year = {1994}
}
