Automatically generated by Mendeley Desktop 1.17.9
Any changes to this file will be lost if it is regenerated by Mendeley.

BibTeX export options can be customized via Preferences -> BibTeX in Mendeley Desktop

@book{Buffalo,
author = {Buffalo, Vince},
file = {:Users/evayap/Library/Application Support/Mendeley Desktop/Downloaded/Buffalo - Unknown - Bioinformatics Data Skills.pdf:pdf},
isbn = {9781449367374},
title = {{Bioinformatics Data Skills}}
}
