Automatically generated by Mendeley Desktop 1.17.8
Any changes to this file will be lost if it is regenerated by Mendeley.

BibTeX export options can be customized via Preferences -> BibTeX in Mendeley Desktop

@book{Brillinger,
author = {Brillinger, D and Fienberg, S and Gani, J and Hartigan, J and Krickeberg, K},
file = {:Users/evayap/Library/Application Support/Mendeley Desktop/Downloaded/Brillinger et al. - Unknown - Springer Series in Statistics Springer Series in Statistics.pdf:pdf},
isbn = {9781475720037},
title = {{Springer Series in Statistics Springer Series in Statistics}}
}
