Automatically generated by Mendeley Desktop 1.17.9
Any changes to this file will be lost if it is regenerated by Mendeley.

BibTeX export options can be customized via Preferences -> BibTeX in Mendeley Desktop

@article{Zhang,
author = {Zhang, Jianjun and Fujimoto, Junya and Zhang, Jianhua and Wedge, David C and Song, Xingzhi and Kalhor, Neda and Little, Latasha and Mahadeshwar, Harshad and Moran, Cesar and Protopopov, Alexei and Sun, Huandong and Tang, Jiabin and Wu, Xifeng and Ye, Yuanqing and Swisher, Stephen and Wistuba, Ignacio I and Futreal, P Andrew},
file = {:Users/evayap/Library/Application Support/Mendeley Desktop/Downloaded/Zhang et al. - Unknown - Intratumor heterogeneity in localized lung adenocarcinomas delineated by multiregion sequencing.pdf:pdf},
isbn = {0000100080},
title = {{Intratumor heterogeneity in localized lung adenocarcinomas delineated by multiregion sequencing}}
}
@article{Griffith2015,
author = {Griffith, Malachi and Miller, Christopher a and Griffith, Obi L and Mardis, Elaine R and Ley, Timothy J and Wilson, Richard K and Griffith, Malachi and Miller, Christopher a and Griffith, Obi L and Krysiak, Kilannin and Skidmore, Zachary L and Ramu, Avinash and Walker, Jason R and Dang, Ha X and Trani, Lee and Larson, David E and Demeter, Ryan T and Wendl, Michael C and Cordes, Matthew G and Fronick, Catrina C and Fulton, Robert S and Maher, Christopher a and Ding, Li and Klco, Jeffery M},
doi = {10.1016/j.cels.2015.08.015},
file = {:Users/evayap/Library/Application Support/Mendeley Desktop/Downloaded/Griffith et al. - 2015 - Article Optimizing Cancer Genome Sequencing and Analysis.pdf:pdf},
issn = {2405-4712},
journal = {Cell Systems},
number = {3},
pages = {210--223},
publisher = {Elsevier Inc.},
title = {{Article Optimizing Cancer Genome Sequencing and Analysis}},
url = {http://dx.doi.org/10.1016/j.cels.2015.08.015},
volume = {1},
year = {2015}
}
